[
    {"month": "2021-01", "total_revenue": 8500, "total_tickets": 120, "no_of_clients": 10, "churn_rate": 0.05, "inflation_rate": 0.01, "holiday_month": 1, "festival_count": 2},
    {"month": "2021-02", "total_revenue": 8700, "total_tickets": 110, "no_of_clients": 10, "churn_rate": 0.02, "inflation_rate": 0.01, "holiday_month": 0, "festival_count": 0},
    {"month": "2021-03", "total_revenue": 9100, "total_tickets": 130, "no_of_clients": 11, "churn_rate": 0.03, "inflation_rate": 0.01, "holiday_month": 1, "festival_count": 1},
    {"month": "2021-04", "total_revenue": 9500, "total_tickets": 125, "no_of_clients": 12, "churn_rate": 0.01, "inflation_rate": 0.015, "holiday_month": 0, "festival_count": 0},
    {"month": "2021-05", "total_revenue": 9800, "total_tickets": 140, "no_of_clients": 12, "churn_rate": 0.02, "inflation_rate": 0.015, "holiday_month": 0, "festival_count": 0},
    {"month": "2021-06", "total_revenue": 10020, "total_tickets": 135, "no_of_clients": 13, "churn_rate": 0.03, "inflation_rate": 0.015, "holiday_month": 0, "festival_count": 0},
    {"month": "2021-07", "total_revenue": 10300, "total_tickets": 150, "no_of_clients": 13, "churn_rate": 0.02, "inflation_rate": 0.02, "holiday_month": 0, "festival_count": 0},
    {"month": "2021-08", "total_revenue": 10700, "total_tickets": 155, "no_of_clients": 14, "churn_rate": 0.01, "inflation_rate": 0.02, "holiday_month": 1, "festival_count": 2},
    {"month": "2021-09", "total_revenue": 10850, "total_tickets": 140, "no_of_clients": 14, "churn_rate": 0.02, "inflation_rate": 0.02, "holiday_month": 0, "festival_count": 0},
    {"month": "2021-10", "total_revenue": 11500, "total_tickets": 160, "no_of_clients": 15, "churn_rate": 0.01, "inflation_rate": 0.02, "holiday_month": 1, "festival_count": 2},
    {"month": "2021-11", "total_revenue": 11800, "total_tickets": 165, "no_of_clients": 15, "churn_rate": 0.02, "inflation_rate": 0.025, "holiday_month": 0, "festival_count": 0},
    {"month": "2021-12", "total_revenue": 12000, "total_tickets": 170, "no_of_clients": 16, "churn_rate": 0.01, "inflation_rate": 0.025, "holiday_month": 1, "festival_count": 1},
  
    {"month": "2022-01", "total_revenue": 12500, "total_tickets": 175, "no_of_clients": 16, "churn_rate": 0.03, "inflation_rate": 0.025, "holiday_month": 1, "festival_count": 2},
    {"month": "2022-02", "total_revenue": 12750, "total_tickets": 160, "no_of_clients": 17, "churn_rate": 0.02, "inflation_rate": 0.03, "holiday_month": 0, "festival_count": 0},
    {"month": "2022-03", "total_revenue": 13200, "total_tickets": 180, "no_of_clients": 18, "churn_rate": 0.01, "inflation_rate": 0.03, "holiday_month": 1, "festival_count": 1},
    {"month": "2022-04", "total_revenue": 13600, "total_tickets": 175, "no_of_clients": 18, "churn_rate": 0.02, "inflation_rate": 0.03, "holiday_month": 0, "festival_count": 0},
    {"month": "2022-05", "total_revenue": 13900, "total_tickets": 190, "no_of_clients": 19, "churn_rate": 0.01, "inflation_rate": 0.03, "holiday_month": 0, "festival_count": 0},
    {"month": "2022-06", "total_revenue": 14150, "total_tickets": 185, "no_of_clients": 19, "churn_rate": 0.02, "inflation_rate": 0.035, "holiday_month": 0, "festival_count": 0},
    {"month": "2022-07", "total_revenue": 14500, "total_tickets": 200, "no_of_clients": 20, "churn_rate": 0.01, "inflation_rate": 0.035, "holiday_month": 0, "festival_count": 0},
    {"month": "2022-08", "total_revenue": 14900, "total_tickets": 205, "no_of_clients": 20, "churn_rate": 0.01, "inflation_rate": 0.035, "holiday_month": 1, "festival_count": 2},
    {"month": "2022-09", "total_revenue": 15100, "total_tickets": 190, "no_of_clients": 21, "churn_rate": 0.02, "inflation_rate": 0.04, "holiday_month": 0, "festival_count": 0},
    {"month": "2022-10", "total_revenue": 15700, "total_tickets": 210, "no_of_clients": 21, "churn_rate": 0.01, "inflation_rate": 0.04, "holiday_month": 1, "festival_count": 2},
    {"month": "2022-11", "total_revenue": 16000, "total_tickets": 215, "no_of_clients": 22, "churn_rate": 0.01, "inflation_rate": 0.04, "holiday_month": 0, "festival_count": 0},
    {"month": "2022-12", "total_revenue": 16300, "total_tickets": 220, "no_of_clients": 22, "churn_rate": 0.01, "inflation_rate": 0.045, "holiday_month": 1, "festival_count": 1},
  
    {"month": "2023-01", "total_revenue": 16800, "total_tickets": 225, "no_of_clients": 23, "churn_rate": 0.01, "inflation_rate": 0.045, "holiday_month": 1, "festival_count": 2},
    {"month": "2023-02", "total_revenue": 17050, "total_tickets": 210, "no_of_clients": 23, "churn_rate": 0.02, "inflation_rate": 0.045, "holiday_month": 0, "festival_count": 0},
    {"month": "2023-03", "total_revenue": 17500, "total_tickets": 230, "no_of_clients": 24, "churn_rate": 0.01, "inflation_rate": 0.05, "holiday_month": 1, "festival_count": 1},
    {"month": "2023-04", "total_revenue": 17900, "total_tickets": 225, "no_of_clients": 25, "churn_rate": 0.01, "inflation_rate": 0.05, "holiday_month": 0, "festival_count": 0},
    {"month": "2023-05", "total_revenue": 18250, "total_tickets": 240, "no_of_clients": 25, "churn_rate": 0.02, "inflation_rate": 0.05, "holiday_month": 0, "festival_count": 0},
    {"month": "2023-06", "total_revenue": 18550, "total_tickets": 235, "no_of_clients": 26, "churn_rate": 0.01, "inflation_rate": 0.05, "holiday_month": 0, "festival_count": 0},
    {"month": "2023-07", "total_revenue": 18900, "total_tickets": 250, "no_of_clients": 26, "churn_rate": 0.01, "inflation_rate": 0.055, "holiday_month": 0, "festival_count": 0},
    {"month": "2023-08", "total_revenue": 19350, "total_tickets": 255, "no_of_clients": 27, "churn_rate": 0.01, "inflation_rate": 0.055, "holiday_month": 1, "festival_count": 2},
    {"month": "2023-09", "total_revenue": 19600, "total_tickets": 240, "no_of_clients": 27, "churn_rate": 0.02, "inflation_rate": 0.055, "holiday_month": 0, "festival_count": 0},
    {"month": "2023-10", "total_revenue": 20200, "total_tickets": 260, "no_of_clients": 28, "churn_rate": 0.01, "inflation_rate": 0.06, "holiday_month": 1, "festival_count": 2},
    {"month": "2023-11", "total_revenue": 20500, "total_tickets": 265, "no_of_clients": 28, "churn_rate": 0.01, "inflation_rate": 0.06, "holiday_month": 0, "festival_count": 0},
    {"month": "2023-12", "total_revenue": 20800, "total_tickets": 270, "no_of_clients": 29, "churn_rate": 0.01, "inflation_rate": 0.06, "holiday_month": 1, "festival_count": 1},
  
    {"month": "2024-01", "total_revenue": 21300, "total_tickets": 275, "no_of_clients": 29, "churn_rate": 0.01, "inflation_rate": 0.06, "holiday_month": 1, "festival_count": 2},
    {"month": "2024-02", "total_revenue": 21550, "total_tickets": 260, "no_of_clients": 30, "churn_rate": 0.02, "inflation_rate": 0.065, "holiday_month": 0, "festival_count": 0},
    {"month": "2024-03", "total_revenue": 22000, "total_tickets": 280, "no_of_clients": 30, "churn_rate": 0.01, "inflation_rate": 0.065, "holiday_month": 1, "festival_count": 1},
    {"month": "2024-04", "total_revenue": 22400, "total_tickets": 275, "no_of_clients": 31, "churn_rate": 0.01, "inflation_rate": 0.065, "holiday_month": 0, "festival_count": 0},
    {"month": "2024-05", "total_revenue": 22750, "total_tickets": 290, "no_of_clients": 31, "churn_rate": 0.01, "inflation_rate": 0.07, "holiday_month": 0, "festival_count": 0},
    {"month": "2024-06", "total_revenue": 23050, "total_tickets": 285, "no_of_clients": 32, "churn_rate": 0.01, "inflation_rate": 0.07, "holiday_month": 0, "festival_count": 0},
    {"month": "2024-07", "total_revenue": 23400, "total_tickets": 300, "no_of_clients": 32, "churn_rate": 0.01, "inflation_rate": 0.07, "holiday_month": 0, "festival_count": 0},
    {"month": "2024-08", "total_revenue": 23850, "total_tickets": 305, "no_of_clients": 33, "churn_rate": 0.01, "inflation_rate": 0.075, "holiday_month": 1, "festival_count": 2},
    {"month": "2024-09", "total_revenue": 24100, "total_tickets": 290, "no_of_clients": 33, "churn_rate": 0.01, "inflation_rate": 0.075, "holiday_month": 0, "festival_count": 0},
    {"month": "2024-10", "total_revenue": 24700, "total_tickets": 310, "no_of_clients": 34, "churn_rate": 0.01, "inflation_rate": 0.075, "holiday_month": 1, "festival_count": 2},
    {"month": "2024-11", "total_revenue": 25000, "total_tickets": 315, "no_of_clients": 34, "churn_rate": 0.01, "inflation_rate": 0.08, "holiday_month": 0, "festival_count": 0},
    {"month": "2024-12", "total_revenue": 25300, "total_tickets": 320, "no_of_clients": 35, "churn_rate": 0.01, "inflation_rate": 0.08, "holiday_month": 1, "festival_count": 1},
  
    {"month": "2025-01", "total_revenue": 25800, "total_tickets": 325, "no_of_clients": 35, "churn_rate": 0.01, "inflation_rate": 0.08, "holiday_month": 1, "festival_count": 2},
    {"month": "2025-02", "total_revenue": 26050, "total_tickets": 310, "no_of_clients": 36, "churn_rate": 0.02, "inflation_rate": 0.085, "holiday_month": 0, "festival_count": 0},
    {"month": "2025-03", "total_revenue": 26500, "total_tickets": 330, "no_of_clients": 36, "churn_rate": 0.01, "inflation_rate": 0.085, "holiday_month": 1, "festival_count": 1},
    {"month": "2025-04", "total_revenue": 26900, "total_tickets": 325, "no_of_clients": 37, "churn_rate": 0.01, "inflation_rate": 0.09, "holiday_month": 0, "festival_count": 0},
    {"month": "2025-05", "total_revenue": 27250, "total_tickets": 340, "no_of_clients": 37, "churn_rate": 0.01, "inflation_rate": 0.09, "holiday_month": 0, "festival_count": 0},
    {"month": "2025-06", "total_revenue": 27550, "total_tickets": 335, "no_of_clients": 38, "churn_rate": 0.01, "inflation_rate": 0.09, "holiday_month": 0, "festival_count": 0},
    {"month": "2025-07", "total_revenue": 27900, "total_tickets": 350, "no_of_clients": 38, "churn_rate": 0.01, "inflation_rate": 0.095, "holiday_month": 0, "festival_count": 0},
    {"month": "2025-08", "total_revenue": 28350, "total_tickets": 355, "no_of_clients": 39, "churn_rate": 0.01, "inflation_rate": 0.095, "holiday_month": 1, "festival_count": 2},
    {"month": "2025-09", "total_revenue": 28600, "total_tickets": 340, "no_of_clients": 39, "churn_rate": 0.01, "inflation_rate": 0.095, "holiday_month": 0, "festival_count": 0}
  ]
  